@phdthesis{rest,
  author={{Roy Thomas Fielding}},
  title= {{Architectural Styles and the Design of Network-based Software Architectures}},
  year={2000},
  school= {{University of California, Irvine}},
}       
                  
@Misc{cimi,
  author = {{Distributed Management Task Force, Inc.}}, 
  title = {{Cloud Infrastructure Management Interface (CIMI) Model and RESTful HTTP-based Protocol}},
  date = "12 September 2012",
  version = "1.0.1",
  howpublished = {\url{http://dmtf.org/sites/default/files/standards/documents/DSP0263_1.0.1.pdf}},
}

@Misc{occi, 
  author = {{Open Grid Forum}},
  title = {{Open Cloud Computing Interface - RESTful HTTP Rendering}},
  date = "21 June 2011", 
  version = GFD-P-R.185,
  howpublished = {\url{http://www.ogf.org/documents/GFD.185.pdf}},
}

@Misc{openstack,
  author = {{The OpenStack Foundation}},
  title = {{OpenStack}},
  howpublished = {\url{http://www.openstack.org}},
}

@Misc{cloudstack,
  author = {{Apache Software Foundation}},
  title = {{CloudStack}},
  howpublished = {\url{http://cloudstack.apache.org/}},
}

@Misc{cloudinit,
  author = {{Scott Moser, et al.}},
  title = {{CloudInit}},
  howpublished = {\url{https://launchpad.net/cloud-init/}},
}

@Misc{xmlsig,
  author = {{Mark Bartel, et al.}}, 
  title = 	 {{XML Signature Syntax and Processing (Second Edition)}},
  date = {10 June 2008},
  publisher ="W3C",
  howpublished = {\url{http://www.w3.org/TR/2008/REC-xmldsig-core-20080610/}},
}

@Misc{rdfprimer,
  editor = {{Frank Manola and Eric Miller}}, 
  title = 	 {{RDF Primer}},
  date = {10 February 2004},
  publisher ="W3C",
  howpublished = {\url{http://www.w3.org/TR/2004/REC-rdf-primer-20040210/}},
}

@Misc{rdfxml,
  editor = {{Dave Beckett}}, 
  title = 	 {{RDF/XML Syntax Specification (Revised)}},
  date = {10 February 2004},
  publisher ="W3C",
  howpublished = {\url{http://www.w3.org/TR/2004/REC-rdf-syntax-grammar-20040210/}},
}

@Misc{rdfschema,
  editor = {{Dan Brinkley and R.V. Guha}}, 
  title =  {{RDF Vocabulary Description Language 1.0: RDF Schema}},
  date = {10 February 2004},
  publisher ="W3C",
  howpublished = {\url{http://www.w3.org/TR/2004/REC-rdf-schema-20040210/}},
}

@Misc{sparql,
  editor = {{Eric Prud'hommeaux and Andy Seaborne}}, 
  title =  {{SPARQL Query Language for RDF}},
  date = {15 January 2008},
  publisher ="W3C",
  howpublished = {\url{http://www.w3.org/TR/2008/REC-rdf-sparql-query-2008011}},
}

@Misc{serql,
  title =  {{SeRQL--Sesame RDF Query Language}},
  howpublished = {\url{http://www.openrdf.org/doc/sesame2/users/ch09.html}},
}

@Misc{dcterms,
  author = {{DCMI Usage Board}}, 
  title = {{DCMI Metadata Terms}},
  date = {10 October 2010},
  howpublished = {\url{http://dublincore.org/documents/2010/10/11/dcmi-terms/}},
}

@Misc{disqus,
  title = {{Disqus}},
  howpublished = {\url{http://www.disqus.com}},
}

@Misc{jena,
  title = 	 {{Jena--A Semantic Web Framework for Java}},
  howpublished = {\url{http://jena.sourceforge.net/}},
}

@Misc{sesame,
  title = 	 {{Sesame--Open source framework for storage, inferencing and querying of RDF data.}},
  howpublished = {\url{http://www.openrdf.org/}},
}

@Misc{restlet,
  title = 	 {{RESTlet--RESTful web framework for Java}},
  howpublished = {\url{http://www.restlet.org/}},
}

@Misc{freemarker,
  title =    {{FreeMarker--Java Template Engine Library}},
  howpublished = {\url{http://freemarker.sourceforge.net/}},
}

@Misc{github,
  title =    {{Github}},
  howpublished = {\url{http://github.com/}},
}

@Misc{jquery,
  title =    {{JQuery--JavaScript library}},
  howpublished = {\url{http://www.jquery.com/}},
}

@Misc{boinc,
  author = {{Berkeley, University of California}}, 
  title = 	 {{BOINC}},
  howpublished = {\url{http://boinc.berkeley.edu/}},
}

@Misc{aws,
  author = {{Amazon}}, 
  title = 	 {{Amazon Web Services}},
  howpublished = {\url{http://aws.amazon.com/}},
}

@Misc{zoomerang,
  author = {{Zoomerang}}, 
  title = 	 {{Zoomerang}},
  howpublished = {\url{http://www.zoomerang.com/}},
}

@Misc{stratuslab,
  author = {{StratusLab Project}}, 
  title = 	 {{StratusLab website}},
  howpublished = {\url{http://stratuslab.eu/}},
}

@Misc{sixsq,
  author = {{SixSq S\`{a}rl}}, 
  title = 	 {{SixSq website}},
  howpublished = {\url{http://www.sixsq.com/}},
}

@Misc{isgtw,
  author = {{International Science Grid This Week}}, 
  title = 	 {{iSGTW}},
  date = {21 July 2010},
  howpublished = {\url{http://www.isgtw.org/?pid=1002626}},
}

@Misc{quattor,
  author = {{Quattor Community}}, 
  title = 	 {{Quattor Toolkit}},
  howpublished = {\url{http://quattor.org/}},
}

@Misc{venusc,
  author = {{VENUS-C Project}}, 
  title = 	 {{VENUS-C}},
  howpublished = {\url{http://www.venus-c.eu/}},
}

@Misc{wlcg,
  author = {{WLCG Project}}, 
  title = 	 {{WLCG}},
  howpublished = {\url{http://lcg.web.cern.ch/lcg/}},
}

@Misc{lcgfr,
  author = {{LCG France}}, 
  title = 	 {{LCG-FR}},
  howpublished = {\url{http://lcg.in2p3.fr/}},
}

@Misc{cernvm,
  author = {{CernVM}}, 
  title = 	 {{CernVM}},
  howpublished = {\url{http://cernvm.cern.ch/cernvm/}},
}

@Misc{hg2010,
  author = {{HealthGrid}}, 
  title = 	 {{HealthGrid 2010}},
  howpublished = {\url{http://paris2010.healthgrid.org/}},
}

@Misc{puppet,
  author = {{Puppet Labs}}, 
  title = 	 {{Puppet}},
  howpublished = {\url{http://www.puppetlabs.com/}},
}

@Misc{bitnami,
  title = {{Bitnami}},
  howpublished = {\url{http://bitnami.com/}},
}

@Misc{gpfs,
  author = {{IBM}}, 
  title = 	 {{GPFS}},
  howpublished = {\url{http://www.ibm.com/systems/software/gpfs/}},
}

@Misc{lustre,
  author = {{Lustre}}, 
  title = 	 {{Lustre}},
  howpublished = {\url{http://wiki.lustre.org/}},
}

@Misc{glite,
  author = {{gLite Consortium}}, 
  title = 	 {{gLite Middleware}},
  howpublished = {\url{http://glite.org/}},
}

@Misc{kvm,
  author = {{RedHat}}, 
  title = 	 {{KVM: Kernel Based Virtual Machine}},
  howpublished = {\url{http://www.linux-kvm.org/}},
}

@Misc{xen,
  author = {{Citrix Systems}}, 
  title = 	 {{Xen hypervisor}},
  howpublished = {\url{http://www.xen.org/}},
}

@Misc{esxi,
  author = {{VMware}}, 
  title = 	 {{VMware vSphere Hypervisor (ESXi)i}},
  howpublished = {\url{http://www.vmware.com/products/vsphere-hypervisor/index.html/}},
}

@Misc{one,
  author = {{OpenNebula Project}}, 
  title = 	 {{OpenNebula}},
  howpublished = {\url{http://opennebula.org/}},
}

@Misc{eucalyptus,
  author = {{Eucalyptus Systems}}, 
  title = 	 {{Eucalyptus}},
  howpublished = {\url{http://www.eucalyptus.com/}},
}

@Misc{hepspec,
  author = {{CERN, FIO Group}}, 
  title = 	 {{HEP-SPEC: HEP benchmark for CPU performance}},
  howpublished = {\url{https://twiki.cern.ch/twiki/bin/view/FIOgroup/TsiBenchHEPSPEC}},
}

@Misc{iozone,
  author = {{IOzone}}, 
  title = 	 {{IOzone Filesystem Benchmark}},
  howpublished = {\url{http://www.iozone.org/}},
}

@Misc{couchbase,
  author = {{Couchbase}}, 
  title = {{Couchbase}},
  howpublished = {\url{http://couchbase.com/}},
}

@incollection{slbook, 
  author = "Loomis, Charles and Airaj, Mohammed and B\'{e}gin, Marc-Elian and Floros, Evangelos and Kenny, Stuart and O'Callaghan, David",
  title = "StratusLab Cloud Distribution",
  booktitle = "European Research Activities in Cloud Computing",
  editor = "Petcu, Data and V\'{a}zquez-Poletti, Jos\'{e} Luis",
  publisher ="Cambridge Scholars Publishing",
  year = "2012",
  ISBN = "1-4438-3507-2", 
}

@incollection{hepixbooktransfer,
  author = "Synge, et al., Owen.",
  title = "Virtual Machine Image Transfer", 
  booktitle = "HEPIX Virtualisation Working Group",
  url = {http://grid.desy.de/vm/hepix/vwg/doc/pdf/Book-a4.pdf},
  editor = "",
  publisher ="",
  year = "2012",
  ISBN = "",
}


@incollection{hepixbookcontext,
  author = "Synge, et al., Owen.",
  title = "Contextualisation",
  booktitle = "HEPIX Virtualisation Working Group",
  url = {http://grid.desy.de/vm/hepix/vwg/doc/pdf/Book-a4.pdf},
  year = "2012",
}

@inproceedings{Petcu,
 author = {Petcu, Dana},
 title = {Portability and interoperability between clouds: challenges and case study},
 booktitle = {Lecture Notes in Computer Science},
 year = {2011},
 pages = {62--74},
 volume = {6994}
}
 
% Sample of a bibliography entry for a software package
@Misc{tomcat,
  author = {{Apache Foundation}}, 
  title = 	 {{Apache Tomcat}},
  howpublished = {on-line at: \url{http://tomcat.apache.org/}},
}

% The following is taken from the ACM digital library, using the
% "BibTeX" citation format option. ACM citations always need a bit
% of manual adjustment. The key (in this case, 
% first author + venue) was done manually, since ACM-generated 
% keys are meaningless strings of digits. 
% ACM's bibtex entries are slightly non-standard in
% that they add a "location" field and always give the organization 
% address in the "address" field.  This is easy to compensate in 
% a bibliography style file. (Send email to michal at cs.uoregon.edu
% if you'd like an example of how to hack the bibliography style 
% to use the "location" in place of "address" when both are present.) 
%                   
@inproceedings{Lorenzoli:ICSE08,
 author = {Davide Lorenzoli and Leonardo Mariani and Mauro Pezz\`{e}},
 title = {Automatic generation of software behavioral models},
 booktitle = {ICSE '08: Proceedings of the 30th 
   International Conference on Software Engineering},
 year = {2008},
 isbn = {978-1-60558-079-1},
 pages = {501--510},
 location = {Leipzig, Germany},
 doi = {http://doi.acm.org/10.1145/1368088.1368157},
 publisher = {ACM},
 address = {New York, NY, USA},
 }

                  
% This example attempts to make the key a little more mnemonic
%   by mentioning the name of the system described in that paper
@inproceedings{Wang:Weevil-ICSE08,
 author = {Yanyan Wang and Antonio Carzaniga and Alexander L. Wolf},
 title = {Four enhancements to automated distributed system
                  experimentation methods}, 
 booktitle = {ICSE '08: Proceedings of the 30th 
                   International
                  Conference on Software Engineering}, 
 year = {2008},
 isbn = {978-1-60558-079-1},
 pages = {491--500},
 location = {Leipzig, Germany},
 doi = {http://doi.acm.org/10.1145/1368088.1368155},
 publisher = {ACM},
 address = {New York, NY, USA},
 }
 
 %%
 %% Real bibliographic entries below.
 %%
 
 @book{Lamport:LaTeX, 
   author = "Leslie Lamport",
   title = "LaTeX, A Document Preparation System",
   publisher ="Addison-Wesley",
   year = "1994",
   edition = "Second",
   ISBN = "0-201-52983-1", 
 }
 
 @book{Mittelbach:Companion, 
   author = "Frank Mittelbach and Michel Goossens and  Johannes Braams and David Carlisle and Chris Rowley",
   title = "The LaTeX Companion",
   subtitle = "Tools and Techniques for Computer Typesetting",
   publisher = "Addison-Wesley",
   year = "2004",
   edition = "Second",
   ISBN = "0-201-36299-6",
}

 
